<?xml version="1.0" encoding="UTF-8"?><collection xmlns="http://www.loc.gov/MARC21/slim"><record><leader>00656nam--2200157-i-4500</leader><controlfield tag="001">000014635</controlfield><controlfield tag="002">20161230</controlfield><controlfield tag="005">20161230201030</controlfield><controlfield tag="008">060222s1000------------r-----000-0-eng-d</controlfield><datafield ind1=" " ind2=" " tag="100"><subfield code="a">Cartan, Henri</subfield></datafield><datafield ind1=" " ind2=" " tag="245"><subfield code="a">Elementary theory of analytic functions of one or several complex variables. this is translated from theorie elementaire et fonctions anaytiques d'une ou plusieurs variables complexes</subfield></datafield><datafield ind1=" " ind2=" " tag="260"><subfield code="a">Reading, Massachusetts, Addison-wesley Publ. Co.Inc., 1963</subfield></datafield><datafield ind1=" " ind2=" " tag="300"><subfield code="a">227 P</subfield></datafield><datafield ind1=" " ind2=" " tag="490"><subfield code="a">Collection Enseignement Des Sciences Hermann Adiwes International Series In Mathematics</subfield></datafield><datafield ind1=" " ind2=" " tag="852"><subfield code="a">517.53</subfield><subfield code="c">527.53:517.55</subfield></datafield><datafield ind1=" " ind2=" " tag="CAT"><subfield code="a">Sys</subfield><subfield code="c">20080820</subfield><subfield code="h">140502</subfield></datafield></record></collection>